%% This BibTeX bibliography file was created using BibDesk.
%% http://bibdesk.sourceforge.net/

%% Created for Patrick Altmeyer at 2021-10-20 10:26:24 +0200 


%% Saved with string encoding Unicode (UTF-8) 



@inproceedings{karimi2021algorithmic,
	author = {Karimi, Amir-Hossein and Sch{\"o}lkopf, Bernhard and Valera, Isabel},
	booktitle = {Proceedings of the 2021 ACM Conference on Fairness, Accountability, and Transparency},
	date-added = {2021-10-20 10:26:17 +0200},
	date-modified = {2021-10-20 10:26:17 +0200},
	pages = {353--362},
	title = {Algorithmic recourse: from counterfactual explanations to interventions},
	year = {2021}}

@article{karimi2020algorithmic,
	author = {Karimi, Amir-Hossein and Von K{\"u}gelgen, Julius and Sch{\"o}lkopf, Bernhard and Valera, Isabel},
	date-added = {2021-10-20 10:25:47 +0200},
	date-modified = {2021-10-20 10:25:47 +0200},
	journal = {arXiv preprint arXiv:2006.06831},
	title = {Algorithmic recourse under imperfect causal knowledge: a probabilistic approach},
	year = {2020}}

@article{bholat2020impact,
	author = {Bholat, D and Gharbawi, M and Thew, O},
	date-added = {2021-10-19 13:32:47 +0200},
	date-modified = {2021-10-19 13:32:47 +0200},
	journal = {Bank of England Quarterly Bulletin, Q4},
	title = {The Impact of Covid on Machine Learning and Data Science in UK Banking},
	year = {2020}}

@article{zheng2018dags,
	author = {Zheng, Xun and Aragam, Bryon and Ravikumar, Pradeep and Xing, Eric P},
	date-added = {2021-10-19 11:58:43 +0200},
	date-modified = {2021-10-19 11:58:43 +0200},
	journal = {arXiv preprint arXiv:1803.01422},
	title = {Dags with no tears: Continuous optimization for structure learning},
	year = {2018}}

@article{lachapelle2019gradient,
	author = {Lachapelle, S{\'e}bastien and Brouillard, Philippe and Deleu, Tristan and Lacoste-Julien, Simon},
	date-added = {2021-10-19 11:57:37 +0200},
	date-modified = {2021-10-19 11:57:37 +0200},
	journal = {arXiv preprint arXiv:1906.02226},
	title = {Gradient-based neural dag learning},
	year = {2019}}

@book{pearl2018book,
	author = {Pearl, Judea and Mackenzie, Dana},
	date-added = {2021-10-19 11:51:21 +0200},
	date-modified = {2021-10-19 11:51:21 +0200},
	publisher = {Basic books},
	title = {The book of why: the new science of cause and effect},
	year = {2018}}

@article{pearl2019seven,
	author = {Pearl, Judea},
	date-added = {2021-10-19 11:49:47 +0200},
	date-modified = {2021-10-19 11:49:47 +0200},
	journal = {Communications of the ACM},
	number = {3},
	pages = {54--60},
	publisher = {ACM New York, NY, USA},
	title = {The seven tools of causal inference, with reflections on machine learning},
	volume = {62},
	year = {2019}}

@inproceedings{carlini2017towards,
	author = {Carlini, Nicholas and Wagner, David},
	booktitle = {2017 ieee symposium on security and privacy (sp)},
	date-added = {2021-10-18 11:33:23 +0200},
	date-modified = {2021-10-18 11:33:23 +0200},
	organization = {IEEE},
	pages = {39--57},
	title = {Towards evaluating the robustness of neural networks},
	year = {2017}}

@article{goodfellow2014explaining,
	author = {Goodfellow, Ian J and Shlens, Jonathon and Szegedy, Christian},
	date-added = {2021-10-18 11:29:24 +0200},
	date-modified = {2021-10-18 11:29:24 +0200},
	journal = {arXiv preprint arXiv:1412.6572},
	title = {Explaining and harnessing adversarial examples},
	year = {2014}}

@article{szegedy2013intriguing,
	author = {Szegedy, Christian and Zaremba, Wojciech and Sutskever, Ilya and Bruna, Joan and Erhan, Dumitru and Goodfellow, Ian and Fergus, Rob},
	date-added = {2021-10-18 11:27:45 +0200},
	date-modified = {2021-10-18 11:27:45 +0200},
	journal = {arXiv preprint arXiv:1312.6199},
	title = {Intriguing properties of neural networks},
	year = {2013}}

@article{jospin2020hands,
	author = {Jospin, Laurent Valentin and Buntine, Wray and Boussaid, Farid and Laga, Hamid and Bennamoun, Mohammed},
	date-added = {2021-10-18 09:33:40 +0200},
	date-modified = {2021-10-18 09:33:40 +0200},
	journal = {arXiv preprint arXiv:2007.06823},
	title = {Hands-on Bayesian Neural Networks--a Tutorial for Deep Learning Users},
	year = {2020}}

@electronic{oecd2021artificial,
	author = {OECD},
	date-added = {2021-10-18 09:24:49 +0200},
	date-modified = {2021-10-18 09:39:12 +0200},
	institution = {OECD},
	title = {Artificial Intelligence, Machine Learning and Big Data in Finance: Opportunities, Challenges and Implications for Policy Makers},
	url = {https://www.oecd.org/finance/financial-markets/Artificial-intelligence-machine-learning-big-data-in-finance.pdf},
	year = {2021}}

@book{murphy2022probabilistic,
	author = {Murphy, Kevin P},
	date-added = {2021-10-18 09:02:15 +0200},
	date-modified = {2021-10-18 09:02:15 +0200},
	publisher = {MIT Press},
	title = {Probabilistic Machine Learning: An introduction},
	year = {2022}}

@article{wachter2017counterfactual,
	author = {Wachter, Sandra and Mittelstadt, Brent and Russell, Chris},
	date-added = {2021-10-18 08:58:01 +0200},
	date-modified = {2021-10-18 08:58:01 +0200},
	journal = {Harv. JL \& Tech.},
	pages = {841},
	publisher = {HeinOnline},
	title = {Counterfactual explanations without opening the black box: Automated decisions and the GDPR},
	volume = {31},
	year = {2017}}

@inproceedings{schut2021generating,
	author = {Schut, Lisa and Key, Oscar and Mc Grath, Rory and Costabello, Luca and Sacaleanu, Bogdan and Gal, Yarin and others},
	booktitle = {International Conference on Artificial Intelligence and Statistics},
	date-added = {2021-10-14 12:00:22 +0200},
	date-modified = {2021-10-14 12:00:22 +0200},
	organization = {PMLR},
	pages = {1756--1764},
	title = {Generating Interpretable Counterfactual Explanations By Implicit Minimisation of Epistemic and Aleatoric Uncertainties},
	year = {2021}}

@article{rudin2019stop,
	author = {Rudin, Cynthia},
	date-added = {2021-10-14 11:56:05 +0200},
	date-modified = {2021-10-14 11:56:05 +0200},
	journal = {Nature Machine Intelligence},
	number = {5},
	pages = {206--215},
	publisher = {Nature Publishing Group},
	title = {Stop explaining black box machine learning models for high stakes decisions and use interpretable models instead},
	volume = {1},
	year = {2019}}

@inproceedings{ribeiro2016should,
	author = {Ribeiro, Marco Tulio and Singh, Sameer and Guestrin, Carlos},
	booktitle = {Proceedings of the 22nd ACM SIGKDD international conference on knowledge discovery and data mining},
	date-added = {2021-10-14 11:47:00 +0200},
	date-modified = {2021-10-18 09:47:13 +0200},
	pages = {1135--1144},
	title = {"Why should i trust you?" Explaining the predictions of any classifier},
	year = {2016}}

@inproceedings{mittelstadt2019explaining,
	author = {Mittelstadt, Brent and Russell, Chris and Wachter, Sandra},
	booktitle = {Proceedings of the conference on fairness, accountability, and transparency},
	date-added = {2021-10-14 11:37:38 +0200},
	date-modified = {2021-10-14 11:37:38 +0200},
	pages = {279--288},
	title = {Explaining explanations in AI},
	year = {2019}}

@inproceedings{lundberg2017unified,
	author = {Lundberg, Scott M and Lee, Su-In},
	booktitle = {Proceedings of the 31st international conference on neural information processing systems},
	date-added = {2021-10-13 17:00:13 +0200},
	date-modified = {2021-10-13 17:00:13 +0200},
	pages = {4768--4777},
	title = {A unified approach to interpreting model predictions},
	year = {2017}}

@article{kirsch2019batchbald,
	author = {Kirsch, Andreas and Van Amersfoort, Joost and Gal, Yarin},
	date-added = {2021-10-13 14:41:22 +0200},
	date-modified = {2021-10-13 14:41:22 +0200},
	journal = {Advances in neural information processing systems},
	pages = {7026--7037},
	title = {Batchbald: Efficient and diverse batch acquisition for deep bayesian active learning},
	volume = {32},
	year = {2019}}

@inproceedings{gal2017deep,
	author = {Gal, Yarin and Islam, Riashat and Ghahramani, Zoubin},
	booktitle = {International Conference on Machine Learning},
	date-added = {2021-10-13 14:38:29 +0200},
	date-modified = {2021-10-13 14:38:29 +0200},
	organization = {PMLR},
	pages = {1183--1192},
	title = {Deep bayesian active learning with image data},
	year = {2017}}

@inproceedings{gal2016dropout,
	author = {Gal, Yarin and Ghahramani, Zoubin},
	booktitle = {international conference on machine learning},
	date-added = {2021-10-13 14:24:39 +0200},
	date-modified = {2021-10-13 14:24:39 +0200},
	organization = {PMLR},
	pages = {1050--1059},
	title = {Dropout as a bayesian approximation: Representing model uncertainty in deep learning},
	year = {2016}}

@inproceedings{poyiadzi2020face,
	author = {Poyiadzi, Rafael and Sokol, Kacper and Santos-Rodriguez, Raul and De Bie, Tijl and Flach, Peter},
	booktitle = {Proceedings of the AAAI/ACM Conference on AI, Ethics, and Society},
	date-added = {2021-10-13 13:25:00 +0200},
	date-modified = {2021-10-13 13:25:00 +0200},
	pages = {344--350},
	title = {FACE: Feasible and actionable counterfactual explanations},
	year = {2020}}

@article{kehoe2021defence,
	author = {Kehoe, Aidan and Wittek, Peter and Xue, Yanbo and Pozas-Kerstjens, Alejandro},
	date-added = {2021-10-13 13:21:28 +0200},
	date-modified = {2021-10-13 13:21:28 +0200},
	journal = {Machine Learning: Science and Technology},
	publisher = {IOP Publishing},
	title = {Defence against adversarial attacks using classical and quantum-enhanced Boltzmann machines},
	year = {2021}}

@inproceedings{slack2020fooling,
	author = {Slack, Dylan and Hilgard, Sophie and Jia, Emily and Singh, Sameer and Lakkaraju, Himabindu},
	booktitle = {Proceedings of the AAAI/ACM Conference on AI, Ethics, and Society},
	date-added = {2021-10-13 12:49:19 +0200},
	date-modified = {2021-10-13 12:49:19 +0200},
	pages = {180--186},
	title = {Fooling lime and shap: Adversarial attacks on post hoc explanation methods},
	year = {2020}}

@article{agusti2021deep,
	author = {Agusti, Marc and Altmeyer, Patrick and Vidal-Quadras Costa, Ignacio},
	date-added = {2021-09-23 13:33:59 +0200},
	date-modified = {2021-10-18 09:32:43 +0200},
	title = {Deep Vector Autoregression for Macroeconomic Data},
	url = {https://thevoice.bse.eu/wp-content/uploads/2021/07/ds21-project-agusti-et-al.pdf},
	year = {2021},
	bdsk-url-1 = {https://thevoice.bse.eu/wp-content/uploads/2021/07/ds21-project-agusti-et-al.pdf}}

@article{altmeyer2018option,
	author = {Altmeyer, Patrick and Grapendal, Jacob Daniel and Pravosud, Makar and Quintana, Gand Derry},
	date-added = {2021-09-23 13:31:25 +0200},
	date-modified = {2021-09-23 13:31:25 +0200},
	title = {Option pricing in the Heston stochastic volatility model: an empirical evaluation},
	year = {2018}}

@article{hartland2006multi,
	author = {Hartland, C{\'e}dric and Gelly, Sylvain and Baskiotis, Nicolas and Teytaud, Olivier and Sebag, Michele},
	date-added = {2021-06-26 13:34:39 +0200},
	date-modified = {2021-06-26 13:34:39 +0200},
	title = {Multi-armed bandit, dynamic environments and meta-bandits},
	year = {2006}}

@article{garivier2008upper,
	author = {Garivier, Aur{\'e}lien and Moulines, Eric},
	date-added = {2021-06-24 16:18:52 +0200},
	date-modified = {2021-06-24 16:18:52 +0200},
	journal = {arXiv preprint arXiv:0805.3415},
	title = {On upper-confidence bound policies for non-stationary bandit problems},
	year = {2008}}

@inproceedings{gupta2011thompson,
	author = {Gupta, Neha and Granmo, Ole-Christoffer and Agrawala, Ashok},
	booktitle = {2011 10th International Conference on Machine Learning and Applications and Workshops},
	date-added = {2021-06-24 16:00:43 +0200},
	date-modified = {2021-06-24 16:00:43 +0200},
	organization = {IEEE},
	pages = {484--489},
	title = {Thompson sampling for dynamic multi-armed bandits},
	volume = {1},
	year = {2011}}

@article{besbes2014stochastic,
	author = {Besbes, Omar and Gur, Yonatan and Zeevi, Assaf},
	date-added = {2021-06-24 15:59:01 +0200},
	date-modified = {2021-06-24 15:59:01 +0200},
	journal = {Advances in neural information processing systems},
	pages = {199--207},
	publisher = {Citeseer},
	title = {Stochastic multi-armed-bandit problem with non-stationary rewards},
	volume = {27},
	year = {2014}}

@article{raj2017taming,
	author = {Raj, Vishnu and Kalyani, Sheetal},
	date-added = {2021-06-24 15:58:11 +0200},
	date-modified = {2021-06-24 15:58:11 +0200},
	journal = {arXiv preprint arXiv:1707.09727},
	title = {Taming non-stationary bandits: A Bayesian approach},
	year = {2017}}

@article{qu2015estimating,
	author = {Qu, Xi and Lee, Lung-fei},
	date-added = {2021-06-18 17:43:38 +0200},
	date-modified = {2021-06-18 17:43:38 +0200},
	journal = {Journal of Econometrics},
	number = {2},
	pages = {209--232},
	publisher = {Elsevier},
	title = {Estimating a spatial autoregressive model with an endogenous spatial weight matrix},
	volume = {184},
	year = {2015}}

@article{graham2017econometric,
	author = {Graham, Bryan S},
	date-added = {2021-06-18 15:59:36 +0200},
	date-modified = {2021-06-18 15:59:36 +0200},
	journal = {Econometrica},
	number = {4},
	pages = {1033--1063},
	publisher = {Wiley Online Library},
	title = {An econometric model of network formation with degree heterogeneity},
	volume = {85},
	year = {2017}}

@article{bramoulle2009identification,
	author = {Bramoull{\'e}, Yann and Djebbari, Habiba and Fortin, Bernard},
	date-added = {2021-06-18 15:29:44 +0200},
	date-modified = {2021-06-18 15:29:44 +0200},
	journal = {Journal of econometrics},
	number = {1},
	pages = {41--55},
	publisher = {Elsevier},
	title = {Identification of peer effects through social networks},
	volume = {150},
	year = {2009}}

@article{lee2003best,
	author = {Lee, Lung-fei},
	date-added = {2021-06-18 15:22:08 +0200},
	date-modified = {2021-06-18 15:22:08 +0200},
	journal = {Econometric Reviews},
	number = {4},
	pages = {307--335},
	publisher = {Taylor \& Francis},
	title = {Best spatial two-stage least squares estimators for a spatial autoregressive model with autoregressive disturbances},
	volume = {22},
	year = {2003}}

@article{jackson2007meeting,
	author = {Jackson, Matthew O and Rogers, Brian W},
	date-added = {2021-06-18 15:03:46 +0200},
	date-modified = {2021-06-18 15:03:46 +0200},
	journal = {American Economic Review},
	number = {3},
	pages = {890--915},
	title = {Meeting strangers and friends of friends: How random are social networks?},
	volume = {97},
	year = {2007}}

@article{goldsmith2013social,
	author = {Goldsmith-Pinkham, Paul and Imbens, Guido W},
	date-added = {2021-06-17 16:31:36 +0200},
	date-modified = {2021-06-17 16:31:36 +0200},
	journal = {Journal of Business \& Economic Statistics},
	number = {3},
	pages = {253--264},
	publisher = {Taylor \& Francis},
	title = {Social networks and the identification of peer effects},
	volume = {31},
	year = {2013}}

@article{carrell2013natural,
	author = {Carrell, Scott E and Sacerdote, Bruce I and West, James E},
	date-added = {2021-06-17 16:12:15 +0200},
	date-modified = {2021-06-17 16:12:15 +0200},
	journal = {Econometrica},
	number = {3},
	pages = {855--882},
	publisher = {Wiley Online Library},
	title = {From natural variation to optimal policy? The importance of endogenous peer group formation},
	volume = {81},
	year = {2013}}

@article{falk2006clean,
	author = {Falk, Armin and Ichino, Andrea},
	date-added = {2021-06-17 16:11:32 +0200},
	date-modified = {2021-06-17 16:11:32 +0200},
	journal = {Journal of labor economics},
	number = {1},
	pages = {39--57},
	publisher = {The University of Chicago Press},
	title = {Clean evidence on peer effects},
	volume = {24},
	year = {2006}}

@article{sacerdote2001peer,
	author = {Sacerdote, Bruce},
	date-added = {2021-06-17 16:10:10 +0200},
	date-modified = {2021-06-17 16:10:10 +0200},
	journal = {The Quarterly journal of economics},
	number = {2},
	pages = {681--704},
	publisher = {MIT Press},
	title = {Peer effects with random assignment: Results for Dartmouth roommates},
	volume = {116},
	year = {2001}}

@article{bramoulle2020peer,
	author = {Bramoull{\'e}, Yann and Djebbari, Habiba and Fortin, Bernard},
	date-added = {2021-06-17 15:31:45 +0200},
	date-modified = {2021-06-17 15:31:45 +0200},
	journal = {Annual Review of Economics},
	pages = {603--629},
	publisher = {Annual Reviews},
	title = {Peer effects in networks: A survey},
	volume = {12},
	year = {2020}}

@article{manski1993identification,
	author = {Manski, Charles F},
	date-added = {2021-06-17 15:08:42 +0200},
	date-modified = {2021-06-17 15:08:42 +0200},
	journal = {The review of economic studies},
	number = {3},
	pages = {531--542},
	publisher = {Wiley-Blackwell},
	title = {Identification of endogenous social effects: The reflection problem},
	volume = {60},
	year = {1993}}

@article{heckman1985alternative,
	author = {Heckman, James J and Robb Jr, Richard},
	date-added = {2021-06-16 17:13:16 +0200},
	date-modified = {2021-06-16 17:13:16 +0200},
	journal = {Journal of econometrics},
	number = {1-2},
	pages = {239--267},
	publisher = {Elsevier},
	title = {Alternative methods for evaluating the impact of interventions: An overview},
	volume = {30},
	year = {1985}}

@article{johnsson2021estimation,
	author = {Johnsson, Ida and Moon, Hyungsik Roger},
	date-added = {2021-06-16 16:35:00 +0200},
	date-modified = {2021-06-16 16:35:00 +0200},
	journal = {Review of Economics and Statistics},
	number = {2},
	pages = {328--345},
	publisher = {MIT Press One Rogers Street, Cambridge, MA 02142-1209, USA journals-info~{\ldots}},
	title = {Estimation of peer effects in endogenous social networks: Control function approach},
	volume = {103},
	year = {2021}}

@article{carrell2009does,
	author = {Carrell, Scott E and Fullerton, Richard L and West, James E},
	date-added = {2021-06-16 16:29:38 +0200},
	date-modified = {2021-06-16 16:29:38 +0200},
	journal = {Journal of Labor Economics},
	number = {3},
	pages = {439--464},
	publisher = {The University of Chicago Press},
	title = {Does your cohort matter? Measuring peer effects in college achievement},
	volume = {27},
	year = {2009}}

@article{hsieh2016social,
	author = {Hsieh, Chih-Sheng and Lee, Lung Fei},
	date-added = {2021-06-16 16:27:12 +0200},
	date-modified = {2021-06-16 16:27:12 +0200},
	journal = {Journal of Applied Econometrics},
	number = {2},
	pages = {301--319},
	publisher = {Wiley Online Library},
	title = {A social interactions model with endogenous friendship formation and selectivity},
	volume = {31},
	year = {2016}}

@article{chetty2011adjustment,
	author = {Chetty, Raj and Friedman, John N and Olsen, Tore and Pistaferri, Luigi},
	date-added = {2021-06-16 12:23:18 +0200},
	date-modified = {2021-06-16 12:23:18 +0200},
	journal = {The quarterly journal of economics},
	number = {2},
	pages = {749--804},
	publisher = {MIT Press},
	title = {Adjustment costs, firm responses, and micro vs. macro labor supply elasticities: Evidence from Danish tax records},
	volume = {126},
	year = {2011}}

@article{pope2011round,
	author = {Pope, Devin and Simonsohn, Uri},
	date-added = {2021-06-16 11:56:09 +0200},
	date-modified = {2021-06-16 11:56:09 +0200},
	journal = {Psychological science},
	number = {1},
	pages = {71--79},
	publisher = {Sage Publications Sage CA: Los Angeles, CA},
	title = {Round numbers as goals: Evidence from baseball, SAT takers, and the lab},
	volume = {22},
	year = {2011}}

@article{markle2018goals,
	author = {Markle, Alex and Wu, George and White, Rebecca and Sackett, Aaron},
	date-added = {2021-06-16 11:53:34 +0200},
	date-modified = {2021-06-16 11:53:34 +0200},
	journal = {Journal of Risk and Uncertainty},
	number = {1},
	pages = {19--50},
	publisher = {Springer},
	title = {Goals as reference points in marathon running: A novel test of reference dependence},
	volume = {56},
	year = {2018}}

@article{kahneman1992reference,
	author = {Kahneman, Daniel},
	date-added = {2021-06-15 13:28:28 +0200},
	date-modified = {2021-06-15 13:28:28 +0200},
	journal = {Organizational behavior and human decision processes},
	number = {2},
	pages = {296--312},
	publisher = {Elsevier},
	title = {Reference points, anchors, norms, and mixed feelings},
	volume = {51},
	year = {1992}}

@article{kahneman1979prospect,
	author = {Kahneman, Daniel and Tversky, Amos},
	date-added = {2021-06-15 11:13:52 +0200},
	date-modified = {2021-06-15 11:13:52 +0200},
	journal = {Econometrica: Journal of the Econometric Society},
	pages = {263--291},
	publisher = {JSTOR},
	title = {Prospect Theory: An Analysis of Decision under Risk},
	year = {1979}}

@book{sutton2018reinforcement,
	author = {Sutton, Richard S and Barto, Andrew G},
	date-added = {2021-06-09 17:35:46 +0200},
	date-modified = {2021-06-09 17:35:46 +0200},
	publisher = {MIT press},
	title = {Reinforcement learning: An introduction},
	year = {2018}}

@inproceedings{rasmussen2003gaussian,
	author = {Rasmussen, Carl Edward},
	booktitle = {Summer school on machine learning},
	date-added = {2021-05-25 10:54:16 +0200},
	date-modified = {2021-05-25 10:54:16 +0200},
	organization = {Springer},
	pages = {63--71},
	title = {Gaussian processes in machine learning},
	year = {2003}}

@article{pfaff2008var,
	author = {Pfaff, Bernhard and others},
	date-added = {2021-05-22 13:30:50 +0200},
	date-modified = {2021-05-22 13:30:50 +0200},
	journal = {Journal of Statistical Software},
	number = {4},
	pages = {1--32},
	title = {VAR, SVAR and SVEC models: Implementation within R package vars},
	volume = {27},
	year = {2008}}

@inproceedings{jabbari2017fairness,
	author = {Jabbari, Shahin and Joseph, Matthew and Kearns, Michael and Morgenstern, Jamie and Roth, Aaron},
	booktitle = {International Conference on Machine Learning},
	date-added = {2021-05-16 09:36:16 +0200},
	date-modified = {2021-05-16 09:36:16 +0200},
	organization = {PMLR},
	pages = {1617--1626},
	title = {Fairness in reinforcement learning},
	year = {2017}}

@inproceedings{lakkaraju2020fool,
	author = {Lakkaraju, Himabindu and Bastani, Osbert},
	booktitle = {Proceedings of the AAAI/ACM Conference on AI, Ethics, and Society},
	date-added = {2021-05-16 09:29:06 +0200},
	date-modified = {2021-05-16 09:29:06 +0200},
	pages = {79--85},
	title = {" How do I fool you?" Manipulating User Trust via Misleading Black Box Explanations},
	year = {2020}}

@article{den2020reinforcement,
	author = {den Hengst, Floris and Grua, Eoin Martino and el Hassouni, Ali and Hoogendoorn, Mark},
	date-added = {2021-05-16 09:17:04 +0200},
	date-modified = {2021-05-16 09:17:04 +0200},
	journal = {Data Science},
	number = {Preprint},
	pages = {1--41},
	publisher = {IOS Press},
	title = {Reinforcement learning for personalization: A systematic literature review},
	year = {2020}}

@article{auer2002finite,
	author = {Auer, Peter and Cesa-Bianchi, Nicolo and Fischer, Paul},
	date-added = {2021-05-10 09:11:50 +0200},
	date-modified = {2021-05-10 09:11:50 +0200},
	journal = {Machine learning},
	number = {2},
	pages = {235--256},
	publisher = {Springer},
	title = {Finite-time analysis of the multiarmed bandit problem},
	volume = {47},
	year = {2002}}

@article{chapelle2011empirical,
	author = {Chapelle, Olivier and Li, Lihong},
	date-added = {2021-05-06 15:55:33 +0200},
	date-modified = {2021-05-06 15:55:33 +0200},
	journal = {Advances in neural information processing systems},
	pages = {2249--2257},
	publisher = {Citeseer},
	title = {An empirical evaluation of thompson sampling},
	volume = {24},
	year = {2011}}

@book{kilian2017structural,
	author = {Kilian, Lutz and L{\"u}tkepohl, Helmut},
	date-added = {2021-05-05 17:39:07 +0200},
	date-modified = {2021-05-05 17:39:07 +0200},
	publisher = {Cambridge University Press},
	title = {Structural vector autoregressive analysis},
	year = {2017}}

@article{verstyuk2020modeling,
	author = {Verstyuk, Sergiy},
	date-added = {2021-05-05 10:33:27 +0200},
	date-modified = {2021-05-05 10:33:27 +0200},
	journal = {Available at SSRN 3589337},
	title = {Modeling multivariate time series in economics: From auto-regressions to recurrent neural networks},
	year = {2020}}

@unpublished{griffith2020name,
	author = {Alan Griffith},
	date-added = {2021-05-01 07:51:17 +0200},
	date-modified = {2021-05-01 07:52:12 +0200},
	note = {Working Paper},
	title = {Name Your Friends, but Only Five? The Importance of Censoring in Peer Effects Estimates using Social Network Data},
	year = {2020}}

@inproceedings{ustun2019actionable,
	author = {Ustun, Berk and Spangher, Alexander and Liu, Yang},
	booktitle = {Proceedings of the Conference on Fairness, Accountability, and Transparency},
	date-added = {2021-04-26 15:47:33 +0200},
	date-modified = {2021-04-26 15:47:33 +0200},
	pages = {10--19},
	title = {Actionable recourse in linear classification},
	year = {2019}}

@article{joshi2019towards,
	author = {Joshi, Shalmali and Koyejo, Oluwasanmi and Vijitbenjaronk, Warut and Kim, Been and Ghosh, Joydeep},
	date-added = {2021-04-26 15:45:59 +0200},
	date-modified = {2021-04-26 15:45:59 +0200},
	journal = {arXiv preprint arXiv:1907.09615},
	title = {Towards realistic individual recourse and actionable explanations in black-box decision making systems},
	year = {2019}}

@book{o2016weapons,
	author = {O'neil, Cathy},
	date-added = {2021-04-26 15:45:28 +0200},
	date-modified = {2021-04-26 15:45:28 +0200},
	publisher = {Crown},
	title = {Weapons of math destruction: How big data increases inequality and threatens democracy},
	year = {2016}}

@article{list2004neoclassical,
	author = {List, John A},
	date-added = {2021-04-21 10:20:02 +0200},
	date-modified = {2021-04-21 10:20:02 +0200},
	journal = {Econometrica},
	number = {2},
	pages = {615--625},
	publisher = {Wiley Online Library},
	title = {Neoclassical theory versus prospect theory: Evidence from the marketplace},
	volume = {72},
	year = {2004}}

@article{epstein1979stability,
	author = {Epstein, Seymour},
	date-added = {2021-04-21 10:19:00 +0200},
	date-modified = {2021-04-21 10:19:00 +0200},
	journal = {Journal of personality and social psychology},
	number = {7},
	pages = {1097},
	publisher = {American Psychological Association},
	title = {The stability of behavior: I. On predicting most of the people much of the time.},
	volume = {37},
	year = {1979}}

@unpublished{navarro2021bridging,
	author = {Navarro-Martinez, Daniel and Wang, Xinghua},
	date-added = {2021-04-21 10:14:12 +0200},
	date-modified = {2021-04-21 10:18:30 +0200},
	note = {Working Paper},
	title = {Bridging the gap between the lab and the field: Dictator games and donations},
	year = {2021}}

@article{galizzi2019external,
	author = {Galizzi, Matteo M and Navarro-Martinez, Daniel},
	date-added = {2021-04-21 10:11:45 +0200},
	date-modified = {2021-04-21 10:11:45 +0200},
	journal = {Management Science},
	number = {3},
	pages = {976--1002},
	publisher = {INFORMS},
	title = {On the external validity of social preference games: a systematic lab-field study},
	volume = {65},
	year = {2019}}

@article{nagel1995unraveling,
	author = {Nagel, Rosemarie},
	date-added = {2021-04-21 10:10:46 +0200},
	date-modified = {2021-04-21 10:10:46 +0200},
	journal = {The American Economic Review},
	number = {5},
	pages = {1313--1326},
	publisher = {JSTOR},
	title = {Unraveling in guessing games: An experimental study},
	volume = {85},
	year = {1995}}

@article{fehr2000cooperation,
	author = {Fehr, Ernst and Gachter, Simon},
	date-added = {2021-04-21 10:10:21 +0200},
	date-modified = {2021-04-21 10:10:21 +0200},
	journal = {American Economic Review},
	number = {4},
	pages = {980--994},
	title = {Cooperation and punishment in public goods experiments},
	volume = {90},
	year = {2000}}

@article{johansson2005failure,
	author = {Johansson, Petter and Hall, Lars and Sikstr{\"o}m, Sverker and Olsson, Andreas},
	date-added = {2021-04-21 10:09:31 +0200},
	date-modified = {2021-04-21 10:09:31 +0200},
	journal = {Science},
	number = {5745},
	pages = {116--119},
	publisher = {American Association for the Advancement of Science},
	title = {Failure to detect mismatches between intention and outcome in a simple decision task},
	volume = {310},
	year = {2005}}

@article{bechara1997deciding,
	author = {Bechara, Antoine and Damasio, Hanna and Tranel, Daniel and Damasio, Antonio R},
	date-added = {2021-04-21 10:08:59 +0200},
	date-modified = {2021-04-21 10:08:59 +0200},
	journal = {Science},
	number = {5304},
	pages = {1293--1295},
	publisher = {American Association for the Advancement of Science},
	title = {Deciding advantageously before knowing the advantageous strategy},
	volume = {275},
	year = {1997}}

@article{gilbert1998immune,
	author = {Gilbert, Daniel T and Pinel, Elizabeth C and Wilson, Timothy D and Blumberg, Stephen J and Wheatley, Thalia P},
	date-added = {2021-04-21 10:07:56 +0200},
	date-modified = {2021-04-21 10:07:56 +0200},
	journal = {Journal of personality and social psychology},
	number = {3},
	pages = {617},
	publisher = {American Psychological Association},
	title = {Immune neglect: a source of durability bias in affective forecasting.},
	volume = {75},
	year = {1998}}

@article{van2000egocentric,
	author = {Van Boven, Leaf and Dunning, David and Loewenstein, George},
	date-added = {2021-04-21 10:07:29 +0200},
	date-modified = {2021-04-21 10:07:29 +0200},
	journal = {Journal of personality and social psychology},
	number = {1},
	pages = {66},
	publisher = {American Psychological Association},
	title = {Egocentric empathy gaps between owners and buyers: misperceptions of the endowment effect.},
	volume = {79},
	year = {2000}}

@article{lerner2013financial,
	author = {Lerner, Jennifer S and Li, Ye and Weber, Elke U},
	date-added = {2021-04-21 10:06:42 +0200},
	date-modified = {2021-04-21 10:06:42 +0200},
	journal = {Psychological science},
	number = {1},
	pages = {72--79},
	publisher = {Sage Publications Sage CA: Los Angeles, CA},
	title = {The financial costs of sadness},
	volume = {24},
	year = {2013}}

@article{hsee2004music,
	author = {Hsee, Christopher K and Rottenstreich, Yuval},
	date-added = {2021-04-21 10:06:12 +0200},
	date-modified = {2021-04-21 10:06:12 +0200},
	journal = {Journal of Experimental Psychology: General},
	number = {1},
	pages = {23},
	publisher = {American Psychological Association},
	title = {Music, pandas, and muggers: on the affective psychology of value.},
	volume = {133},
	year = {2004}}

@article{thaler2004save,
	author = {Thaler, Richard H and Benartzi, Shlomo},
	date-added = {2021-04-21 10:04:34 +0200},
	date-modified = {2021-04-21 10:04:34 +0200},
	journal = {Journal of political Economy},
	number = {S1},
	pages = {S164--S187},
	publisher = {The University of Chicago Press},
	title = {Save more tomorrow{\texttrademark}: Using behavioral economics to increase employee saving},
	volume = {112},
	year = {2004}}

@article{hershfield2011increasing,
	author = {Hershfield, Hal E and Goldstein, Daniel G and Sharpe, William F and Fox, Jesse and Yeykelis, Leo and Carstensen, Laura L and Bailenson, Jeremy N},
	date-added = {2021-04-21 10:03:42 +0200},
	date-modified = {2021-04-21 10:03:42 +0200},
	journal = {Journal of Marketing Research},
	number = {SPL},
	pages = {S23--S37},
	publisher = {SAGE Publications Sage CA: Los Angeles, CA},
	title = {Increasing saving behavior through age-progressed renderings of the future self},
	volume = {48},
	year = {2011}}

@article{mischel1988nature,
	author = {Mischel, Walter and Shoda, Yuichi and Peake, Philip K},
	date-added = {2021-04-21 10:02:54 +0200},
	date-modified = {2021-04-21 10:02:54 +0200},
	journal = {Journal of personality and social psychology},
	number = {4},
	pages = {687},
	publisher = {American Psychological Association},
	title = {The nature of adolescent competencies predicted by preschool delay of gratification.},
	volume = {54},
	year = {1988}}

@article{thaler1981some,
	author = {Thaler, Richard},
	date-added = {2021-04-21 10:01:48 +0200},
	date-modified = {2021-04-21 10:01:48 +0200},
	journal = {Economics letters},
	number = {3},
	pages = {201--207},
	publisher = {Elsevier},
	title = {Some empirical evidence on dynamic inconsistency},
	volume = {8},
	year = {1981}}

@article{sunstein2003libertarian,
	author = {Sunstein, Cass R and Thaler, Richard H},
	date-added = {2021-04-21 10:01:07 +0200},
	date-modified = {2021-04-21 10:01:07 +0200},
	journal = {The University of Chicago Law Review},
	pages = {1159--1202},
	publisher = {JSTOR},
	title = {Libertarian paternalism is not an oxymoron},
	year = {2003}}

@article{madrian2001power,
	author = {Madrian, Brigitte C and Shea, Dennis F},
	date-added = {2021-04-21 09:58:30 +0200},
	date-modified = {2021-04-21 09:58:30 +0200},
	journal = {The Quarterly journal of economics},
	number = {4},
	pages = {1149--1187},
	publisher = {MIT Press},
	title = {The power of suggestion: Inertia in 401 (k) participation and savings behavior},
	volume = {116},
	year = {2001}}

@article{shafir1993reason,
	author = {Shafir, Eldar and Simonson, Itamar and Tversky, Amos},
	date-added = {2021-04-21 09:57:57 +0200},
	date-modified = {2021-04-21 09:57:57 +0200},
	journal = {Cognition},
	number = {1-2},
	pages = {11--36},
	publisher = {Elsevier},
	title = {Reason-based choice},
	volume = {49},
	year = {1993}}

@article{simonson1989choice,
	author = {Simonson, Itamar},
	date-added = {2021-04-21 09:57:27 +0200},
	date-modified = {2021-04-21 09:57:27 +0200},
	journal = {Journal of consumer research},
	number = {2},
	pages = {158--174},
	publisher = {The University of Chicago Press},
	title = {Choice based on reasons: The case of attraction and compromise effects},
	volume = {16},
	year = {1989}}

@article{hsee1996evaluability,
	author = {Hsee, Christopher K},
	date-added = {2021-04-21 09:56:57 +0200},
	date-modified = {2021-04-21 09:56:57 +0200},
	journal = {Organizational behavior and human decision processes},
	number = {3},
	pages = {247--257},
	publisher = {Elsevier},
	title = {The evaluability hypothesis: An explanation for preference reversals between joint and separate evaluations of alternatives},
	volume = {67},
	year = {1996}}

@article{ungemach2011incidental,
	author = {Ungemach, Christoph and Stewart, Neil and Reimers, Stian},
	date-added = {2021-04-21 09:56:29 +0200},
	date-modified = {2021-04-21 09:56:29 +0200},
	journal = {Psychological Science},
	number = {2},
	pages = {253--260},
	publisher = {Sage Publications Sage CA: Los Angeles, CA},
	title = {How incidental values from the environment affect decisions about money, risk, and delay},
	volume = {22},
	year = {2011}}

@article{ariely2006tom,
	author = {Ariely, Dan and Loewenstein, George and Prelec, Drazen},
	date-added = {2021-04-21 09:56:00 +0200},
	date-modified = {2021-04-21 09:56:00 +0200},
	journal = {Journal of Economic Behavior \& Organization},
	number = {1},
	pages = {1--10},
	publisher = {Elsevier},
	title = {Tom Sawyer and the construction of value},
	volume = {60},
	year = {2006}}

@article{ariely2003coherent,
	author = {Ariely, Dan and Loewenstein, George and Prelec, Drazen},
	date-added = {2021-04-21 09:55:20 +0200},
	date-modified = {2021-04-21 09:55:20 +0200},
	journal = {The Quarterly journal of economics},
	number = {1},
	pages = {73--106},
	publisher = {MIT Press},
	title = {``Coherent arbitrariness'': Stable demand curves without stable preferences},
	volume = {118},
	year = {2003}}

@article{allen2017reference,
	author = {Allen, Eric J and Dechow, Patricia M and Pope, Devin G and Wu, George},
	date-added = {2021-04-21 09:54:15 +0200},
	date-modified = {2021-04-21 09:54:15 +0200},
	journal = {Management Science},
	number = {6},
	pages = {1657--1672},
	publisher = {INFORMS},
	title = {Reference-dependent preferences: Evidence from marathon runners},
	volume = {63},
	year = {2017}}

@article{tversky1981framing,
	author = {Tversky, Amos and Kahneman, Daniel},
	date-added = {2021-04-21 09:53:29 +0200},
	date-modified = {2021-04-21 09:53:29 +0200},
	journal = {science},
	number = {4481},
	pages = {453--458},
	publisher = {American Association for the Advancement of Science},
	title = {The framing of decisions and the psychology of choice},
	volume = {211},
	year = {1981}}

@article{kahneman1990experimental,
	author = {Kahneman, Daniel and Knetsch, Jack L and Thaler, Richard H},
	date-added = {2021-04-21 09:52:46 +0200},
	date-modified = {2021-04-21 09:52:46 +0200},
	journal = {Journal of political Economy},
	number = {6},
	pages = {1325--1348},
	publisher = {The University of Chicago Press},
	title = {Experimental tests of the endowment effect and the Coase theorem},
	volume = {98},
	year = {1990}}

@article{gneezy2006uncertainty,
	author = {Gneezy, Uri and List, John A and Wu, George},
	date-added = {2021-04-21 09:52:15 +0200},
	date-modified = {2021-04-21 09:52:15 +0200},
	journal = {The Quarterly Journal of Economics},
	number = {4},
	pages = {1283--1309},
	publisher = {MIT Press},
	title = {The uncertainty effect: When a risky prospect is valued less than its worst possible outcome},
	volume = {121},
	year = {2006}}

@article{grether1979economic,
	author = {Grether, David M and Plott, Charles R},
	date-added = {2021-04-21 09:51:32 +0200},
	date-modified = {2021-04-21 09:51:32 +0200},
	journal = {The American Economic Review},
	number = {4},
	pages = {623--638},
	publisher = {JSTOR},
	title = {Economic theory of choice and the preference reversal phenomenon},
	volume = {69},
	year = {1979}}

@article{mosteller1951experimental,
	author = {Mosteller, Frederick and Nogee, Philip},
	date-added = {2021-04-21 09:50:38 +0200},
	date-modified = {2021-04-21 09:50:38 +0200},
	journal = {Journal of Political Economy},
	number = {5},
	pages = {371--404},
	publisher = {The University of Chicago Press},
	title = {An experimental measurement of utility},
	volume = {59},
	year = {1951}}

@article{slovic1974accepts,
	author = {Slovic, Paul and Tversky, Amos},
	date-added = {2021-04-21 09:49:48 +0200},
	date-modified = {2021-04-21 09:49:48 +0200},
	journal = {Behavioral science},
	number = {6},
	pages = {368--373},
	publisher = {Wiley Online Library},
	title = {Who accepts Savage's axiom?},
	volume = {19},
	year = {1974}}

@article{barabasi2016network,
	author = {Barab{\'a}si, Albert-L{\'a}szl{\'o}},
	date-added = {2021-03-27 15:40:57 +0100},
	date-modified = {2021-03-27 15:40:57 +0100},
	journal = {Network Science},
	title = {Network Science},
	year = {2016}}

@article{bussmann2020neural,
	author = {Bussmann, Bart and Nys, Jannes and Latr{\'e}, Steven},
	date-added = {2021-02-04 14:43:07 +0100},
	date-modified = {2021-02-04 14:43:07 +0100},
	journal = {arXiv preprint arXiv:2010.09429},
	title = {Neural Additive Vector Autoregression Models for Causal Discovery in Time Series Data},
	year = {2020}}

@book{morgan2015counterfactuals,
	author = {Morgan, Stephen L and Winship, Christopher},
	date-added = {2021-02-02 17:21:51 +0100},
	date-modified = {2021-02-02 17:21:51 +0100},
	publisher = {Cambridge University Press},
	title = {Counterfactuals and causal inference},
	year = {2015}}

@article{crawford2019variable,
	author = {Crawford, Lorin and Flaxman, Seth R and Runcie, Daniel E and West, Mike},
	date-added = {2021-01-27 08:05:43 +0100},
	date-modified = {2021-01-27 08:05:43 +0100},
	journal = {The annals of applied statistics},
	number = {2},
	pages = {958},
	publisher = {NIH Public Access},
	title = {Variable prioritization in nonlinear black box methods: A genetic association case study},
	volume = {13},
	year = {2019}}

@article{parr2018matrix,
	author = {Parr, Terence and Howard, Jeremy},
	date-added = {2021-01-25 08:19:04 +0100},
	date-modified = {2021-01-25 08:19:04 +0100},
	journal = {arXiv preprint arXiv:1802.01528},
	title = {The matrix calculus you need for deep learning},
	year = {2018}}

@incollection{goan2020bayesian,
	author = {Goan, Ethan and Fookes, Clinton},
	booktitle = {Case Studies in Applied Bayesian Data Science},
	date-added = {2021-01-24 19:01:36 +0100},
	date-modified = {2021-01-24 19:01:36 +0100},
	pages = {45--87},
	publisher = {Springer},
	title = {Bayesian Neural Networks: An Introduction and Survey},
	year = {2020}}

@book{goodfellow2016deep,
	author = {Ian Goodfellow and Yoshua Bengio and Aaron Courville},
	date-added = {2021-01-24 18:49:05 +0100},
	date-modified = {2021-01-24 18:49:26 +0100},
	note = {\url{http://www.deeplearningbook.org}},
	publisher = {MIT Press},
	title = {Deep Learning},
	year = {2016}}

@article{arrieta2020explainable,
	author = {Arrieta, Alejandro Barredo and Diaz-Rodriguez, Natalia and Del Ser, Javier and Bennetot, Adrien and Tabik, Siham and Barbado, Alberto and Garcia, Salvador and Gil-Lopez, Sergio and Molina, Daniel and Benjamins, Richard and others},
	date-added = {2021-01-24 13:13:45 +0100},
	date-modified = {2021-01-30 17:30:30 +0100},
	journal = {Information Fusion},
	pages = {82--115},
	publisher = {Elsevier},
	title = {Explainable Artificial Intelligence (XAI): Concepts, taxonomies, opportunities and challenges toward responsible AI},
	volume = {58},
	year = {2020}}

@article{ish2019interpreting,
	author = {Ish-Horowicz, Jonathan and Udwin, Dana and Flaxman, Seth and Filippi, Sarah and Crawford, Lorin},
	date-added = {2021-01-24 13:10:23 +0100},
	date-modified = {2021-01-24 13:10:23 +0100},
	journal = {arXiv preprint arXiv:1901.09839},
	title = {Interpreting deep neural networks through variable importance},
	year = {2019}}

@article{fan2020interpretability,
	author = {Fan, Fenglei and Xiong, Jinjun and Wang, Ge},
	date-added = {2021-01-24 13:09:01 +0100},
	date-modified = {2021-01-24 13:09:01 +0100},
	journal = {Preprint at https://arxiv. org/abs/2001.02522},
	title = {On interpretability of artificial neural networks},
	year = {2020}}

@article{abadie2002instrumental,
	author = {Abadie, Alberto and Angrist, Joshua and Imbens, Guido},
	date-added = {2021-01-19 09:55:34 +0100},
	date-modified = {2021-01-19 09:55:34 +0100},
	journal = {Econometrica},
	number = {1},
	pages = {91--117},
	publisher = {Wiley Online Library},
	title = {Instrumental variables estimates of the effect of subsidized training on the quantiles of trainee earnings},
	volume = {70},
	year = {2002}}

@article{angrist1990lifetime,
	author = {Angrist, Joshua D},
	date-added = {2021-01-19 09:54:31 +0100},
	date-modified = {2021-01-19 09:54:31 +0100},
	journal = {The American Economic Review},
	pages = {313--336},
	publisher = {JSTOR},
	title = {Lifetime earnings and the Vietnam era draft lottery: evidence from social security administrative records},
	year = {1990}}

@article{abadie2003economic,
	author = {Abadie, Alberto and Gardeazabal, Javier},
	date-added = {2021-01-19 09:53:18 +0100},
	date-modified = {2021-01-19 09:53:18 +0100},
	journal = {American economic review},
	number = {1},
	pages = {113--132},
	title = {The economic costs of conflict: A case study of the Basque Country},
	volume = {93},
	year = {2003}}

@article{angelucci2009indirect,
	author = {Angelucci, Manuela and De Giorgi, Giacomo},
	date-added = {2021-01-19 09:52:11 +0100},
	date-modified = {2021-01-19 09:52:11 +0100},
	journal = {American economic review},
	number = {1},
	pages = {486--508},
	title = {Indirect effects of an aid program: how do cash transfers affect ineligibles' consumption?},
	volume = {99},
	year = {2009}}

@techreport{card1993minimum,
	author = {Card, David and Krueger, Alan B},
	date-added = {2021-01-19 09:51:04 +0100},
	date-modified = {2021-01-19 09:51:04 +0100},
	institution = {National Bureau of Economic Research},
	title = {Minimum wages and employment: A case study of the fast food industry in New Jersey and Pennsylvania},
	year = {1993}}

@article{fang2011dynamic,
	author = {Fang, Hanming and Gavazza, Alessandro},
	date-added = {2021-01-19 09:49:53 +0100},
	date-modified = {2021-01-19 09:49:53 +0100},
	journal = {American Economic Review},
	number = {7},
	pages = {3047--77},
	title = {Dynamic inefficiencies in an employment-based health insurance system: Theory and evidence},
	volume = {101},
	year = {2011}}

@article{dehejia1999causal,
	author = {Dehejia, Rajeev H and Wahba, Sadek},
	date-added = {2021-01-19 09:48:44 +0100},
	date-modified = {2021-01-19 09:48:44 +0100},
	journal = {Journal of the American statistical Association},
	number = {448},
	pages = {1053--1062},
	publisher = {Taylor \& Francis Group},
	title = {Causal effects in nonexperimental studies: Reevaluating the evaluation of training programs},
	volume = {94},
	year = {1999}}

@article{dell2010persistent,
	author = {Dell, Melissa},
	date-added = {2021-01-19 09:47:47 +0100},
	date-modified = {2021-01-19 09:47:47 +0100},
	journal = {Econometrica},
	number = {6},
	pages = {1863--1903},
	publisher = {Wiley Online Library},
	title = {The persistent effects of Peru's mining mita},
	volume = {78},
	year = {2010}}

@article{jolliffe2003modified,
	author = {Jolliffe, Ian T and Trendafilov, Nickolay T and Uddin, Mudassir},
	date-added = {2020-11-17 11:34:45 +0100},
	date-modified = {2020-11-17 11:34:45 +0100},
	journal = {Journal of computational and Graphical Statistics},
	number = {3},
	pages = {531--547},
	publisher = {Taylor \& Francis},
	title = {A modified principal component technique based on the LASSO},
	volume = {12},
	year = {2003}}

@article{witten2009penalized,
	author = {Witten, Daniela M and Tibshirani, Robert and Hastie, Trevor},
	date-added = {2020-11-17 11:20:36 +0100},
	date-modified = {2020-11-17 11:20:36 +0100},
	journal = {Biostatistics},
	number = {3},
	pages = {515--534},
	publisher = {Oxford University Press},
	title = {A penalized matrix decomposition, with applications to sparse principal components and canonical correlation analysis},
	volume = {10},
	year = {2009}}

@article{wang2018optimal,
	author = {Wang, HaiYing and Zhu, Rong and Ma, Ping},
	date-added = {2020-11-15 11:15:53 +0100},
	date-modified = {2020-11-15 11:15:53 +0100},
	journal = {Journal of the American Statistical Association},
	number = {522},
	pages = {829--844},
	publisher = {Taylor \& Francis},
	title = {Optimal subsampling for large sample logistic regression},
	volume = {113},
	year = {2018}}

@article{xu2020Epidemiological,
	author = {Xu, Bo and Gutierrez, Bernardo and Mekaru, Sumiko and Sewalk, Kara and Goodwin, Lauren and Loskill, Alyssa and Cohn, Emily and Hswen, Yulin and Hill, Sarah C. and Cobo, Maria M and Zarebski, Alexander and Li, Sabrina and Wu, Chieh-Hsi and Hulland, Erin and Morgan, Julia and Wang, Lin and O'Brien, Katelynn and Scarpino, Samuel V. and Brownstein, John S. and Pybus, Oliver G. and Pigott, David M. and Kraemer, Moritz U. G.},
	date-added = {2020-11-13 12:06:22 +0100},
	date-modified = {2020-11-13 12:06:22 +0100},
	doi = {doi.org/10.1038/s41597-020-0448-0},
	journal = {Scientific Data},
	number = {106},
	title = {{Epidemiological data from the COVID-19 outbreak, real-time case information}},
	volume = {7},
	year = {2020},
	bdsk-url-1 = {https://doi.org/10.1038/s41597-020-0448-0}}

@misc{kraemer2020epidemiological,
	author = {Open COVID-19 Data Working Group},
	date-added = {2020-11-13 12:06:00 +0100},
	date-modified = {2020-11-13 12:06:00 +0100},
	howpublished = {Accessed on yyyy-mm-dd from \url{http://virological.org/t/epidemiological-data-from-the-ncov-2019-outbreak-early-descriptions-from-publicly-available-data/337}},
	title = {{Detailed Epidemiological Data from the COVID-19 Outbreak}},
	year = 2020}

@book{manning2008introduction,
	author = {Manning, Christopher D and Sch{\"u}tze, Hinrich and Raghavan, Prabhakar},
	date-added = {2020-11-09 16:56:45 +0100},
	date-modified = {2020-11-09 16:56:45 +0100},
	publisher = {Cambridge university press},
	title = {Introduction to information retrieval},
	year = {2008}}

@article{branco2015survey,
	author = {Branco, Paula and Torgo, Luis and Ribeiro, Rita},
	date-added = {2020-11-06 14:27:56 +0100},
	date-modified = {2020-11-06 14:27:56 +0100},
	journal = {arXiv preprint arXiv:1505.01658},
	title = {A survey of predictive modelling under imbalanced distributions},
	year = {2015}}

@book{gelman2013bayesian,
	author = {Gelman, Andrew and Carlin, John B and Stern, Hal S and Dunson, David B and Vehtari, Aki and Rubin, Donald B},
	date-added = {2020-10-30 08:26:45 +0100},
	date-modified = {2020-10-30 08:26:45 +0100},
	publisher = {CRC press},
	title = {Bayesian data analysis},
	year = {2013}}

@article{zhu2015optimal,
	author = {Zhu, Rong and Ma, Ping and Mahoney, Michael W and Yu, Bin},
	date-added = {2020-10-29 07:23:00 +0100},
	date-modified = {2020-10-29 07:23:00 +0100},
	journal = {arXiv},
	pages = {arXiv--1509},
	title = {Optimal subsampling approaches for large sample linear regression},
	year = {2015}}

@book{bishop2006pattern,
	author = {Bishop, Christopher M},
	date-added = {2020-10-28 09:19:16 +0100},
	date-modified = {2020-10-28 09:19:16 +0100},
	publisher = {springer},
	title = {Pattern recognition and machine learning},
	year = {2006}}

@book{wasserman2006all,
	author = {Wasserman, Larry},
	date-added = {2020-10-13 15:23:46 +0200},
	date-modified = {2020-10-13 15:23:46 +0200},
	publisher = {Springer Science \& Business Media},
	title = {All of nonparametric statistics},
	year = {2006}}

@book{wasserman2013all,
	author = {Wasserman, Larry},
	date-added = {2020-10-13 15:23:33 +0200},
	date-modified = {2020-10-13 15:23:33 +0200},
	publisher = {Springer Science \& Business Media},
	title = {All of statistics: a concise course in statistical inference},
	year = {2013}}

@book{nw2006numerical,
	author = {Nocedal, Jorge and Wright, Stephen},
	date-added = {2020-10-12 15:21:09 +0200},
	date-modified = {2020-10-12 15:21:26 +0200},
	publisher = {Springer Science \& Business Media},
	title = {Numerical optimization},
	year = {2006}}
