@article{agusti2021deep,
	author = {Agusti, Marc and Altmeyer, Patrick and Vidal-Quadras Costa, Ignacio},
	title = {Deep Vector Autoregression for Macroeconomic Data},
	year = {2021}}
